@article{AbbasiMonadjemi2018,
 author = {Ashkan Abbasi and Amirhassan Monadjemi},
 doi = {10.1117/1.jbo.23.3.036011},
 issue = {03},
 journal = {Journal of Biomedical Optics},
 month = {3},
 page = {1},
 publisher = {SPIE-Intl Soc Optical Eng},
 title = {Optical coherence tomography retinal image reconstruction via nonlocal weighted sparse representation},
 url = {http://dx.doi.org/10.1117/1.jbo.23.3.036011},
 volume = {23},
 year = {2018}
}

@article{BustinMeyer2025,
 author = {Héloïse Bustin and Tom Meyer and Rolf Reiter and Jakob Jordan and Lars Walczak and Heiko Tzschätzsch and Ingolf Sack and Anja Hennemuth},
 doi = {10.1016/j.media.2025.103642},
 journal = {Medical Image Analysis},
 month = {10},
 page = {103642},
 publisher = {Elsevier BV},
 title = {ElastoNet: Neural network-based multicomponent MR elastography wave inversion with uncertainty quantification},
 url = {http://dx.doi.org/10.1016/j.media.2025.103642},
 volume = {105},
 year = {2025}
}

@article{FragemannArdizzone2022,
 author = {Jana Fragemann and Lynton Ardizzone and Jan Egger and Jens Kleesiek and Mad Workshop},
 doi = {10.36227/techrxiv.19364897.v1},
 month = {3},
 publisher = {Institute of Electrical and Electronics Engineers (IEEE)},
 title = {Review of Disentanglement Approaches for Medical Applications: Towards Solving the Gordian Knot of Generative Models in Healthcare},
 url = {http://dx.doi.org/10.36227/techrxiv.19364897.v1},
 year = {2022}
}

@article{FriedrichFrisch2024,
 author = {Paul Friedrich and Yannik Frisch and Philippe C. Cattin},
 day = {23},
 doi = {10.48550/arXiv.2410.17664},
 ejournal = {arXiv},
 eprint = {arXiv:10.48550/arXiv.2410.17664},
 month = {10},
 published = {2024-10-23T08:33:23Z},
 title = {Deep Generative Models for 3D Medical Image Synthesis},
 url = {http://arxiv.org/abs/2410.17664v1},
 year = {2024}
}

@article{GrisiKartasalo2025,
 author = {Clément Grisi and Kimmo Kartasalo and Martin Eklund and Lars Egevad and Jeroen van der Laak and Geert Litjens},
 doi = {10.1016/j.media.2025.103663},
 journal = {Medical Image Analysis},
 month = {10},
 page = {103663},
 publisher = {Elsevier BV},
 title = {Hierarchical Vision Transformers for prostate biopsy grading: Towards bridging the generalization gap},
 url = {http://dx.doi.org/10.1016/j.media.2025.103663},
 volume = {105},
 year = {2025}
}

@article{LeeByeon2025,
 author = {Ju Cheon Lee and Keunho Byeon and Boram Song and Kyungeun Kim and Jin Tae Kwak},
 doi = {10.1016/j.media.2025.103708},
 journal = {Medical Image Analysis},
 month = {10},
 page = {103708},
 publisher = {Elsevier BV},
 title = {DIOR-ViT: Differential ordinal learning Vision Transformer for cancer classification in pathology images},
 url = {http://dx.doi.org/10.1016/j.media.2025.103708},
 volume = {105},
 year = {2025}
}

@article{PuglisiAlexander2025,
 author = {Lemuel Puglisi and Daniel C. Alexander and Daniele Ravì},
 doi = {10.1016/j.media.2025.103734},
 journal = {Medical Image Analysis},
 month = {12},
 page = {103734},
 publisher = {Elsevier BV},
 title = {Brain Latent Progression: Individual-based spatiotemporal disease progression on 3D Brain MRIs via latent diffusion},
 url = {http://dx.doi.org/10.1016/j.media.2025.103734},
 volume = {106},
 year = {2025}
}

@article{UnknownAuthor2020,
 doi = {10.1007/978-3-030-29179-2},
 journal = {Boston Studies in the Philosophy and History of Science},
 publisher = {Springer International Publishing},
 title = {Uncertainty in Pharmacology},
 url = {http://dx.doi.org/10.1007/978-3-030-29179-2},
 year = {2020}
}

@article{ZhangHager2025,
 author = {Yundi Zhang and Paul Hager and Che Liu and Suprosanna Shit and Chen Chen and Daniel Rueckert and Jiazhen Pan},
 doi = {10.1016/j.media.2025.103756},
 journal = {Medical Image Analysis},
 month = {12},
 page = {103756},
 publisher = {Elsevier BV},
 title = {Towards cardiac MRI foundation models: Comprehensive visual-tabular representations for whole-heart assessment and beyond},
 url = {http://dx.doi.org/10.1016/j.media.2025.103756},
 volume = {106},
 year = {2025}
}

@article{FayCobos2023,
 author = {Louisa Fay and Erick Cobos and Bin Yang and Sergios Gatidis and Thomas Küstner},
 doi = {10.1109/access.2023.3289397},
 journal = {IEEE Access},
 page = {64070-64086},
 publisher = {Institute of Electrical and Electronics Engineers (IEEE)},
 title = {Avoiding Shortcut-Learning by Mutual Information Minimization in Deep Learning-Based Image Processing},
 url = {http://dx.doi.org/10.1109/access.2023.3289397},
 volume = {11},
 year = {2023}
}

@article{VigneshwaranOhara2024,
 author = {Vibujithan Vigneshwaran and Erik Ohara and Matthias Wilms and Nils Forkert},
 doi = {10.48550/ARXIV.2412.02900},
 journal = {arXiv},
 publisher = {arXiv},
 title = {MACAW: A Causal Generative Model for Medical Imaging},
 url = {https://arxiv.org/abs/2412.02900},
 year = {2024}
}

@article{RossiLopez2024,
 author = {Eleonora Beatrice Rossi and Eleonora Lopez and Danilo Comminiello},
 doi = {10.48550/ARXIV.2409.13045},
 journal = {arXiv},
 publisher = {arXiv},
 title = {TACE: Tumor-Aware Counterfactual Explanations},
 url = {https://arxiv.org/abs/2409.13045},
 year = {2024}
}

@article{Singla2022,
 author = {Sumedha Singla},
 doi = {10.48550/ARXIV.2209.02929},
 journal = {arXiv},
 publisher = {arXiv},
 title = {Deep Learning for Medical Imaging From Diagnosis Prediction to its Counterfactual Explanation},
 url = {https://arxiv.org/abs/2209.02929},
 year = {2022}
}

@article{SacoranskyKwan2024,
 author = {Ethan Sacoransky and Benjamin Y.M. Kwan and Donald Soboleski},
 doi = {10.1067/j.cpradiol.2024.07.007},
 issue = {6},
 journal = {Current Problems in Diagnostic Radiology},
 month = {11},
 page = {728-737},
 publisher = {Elsevier BV},
 title = {ChatGPT and assistive AI in structured radiology reporting: A systematic review},
 url = {http://dx.doi.org/10.1067/j.cpradiol.2024.07.007},
 volume = {53},
 year = {2024}
}

@article{WiewelBecher2018,
 author = {Steffen Wiewel and Moritz Becher and Nils Thuerey},
 doi = {10.48550/ARXIV.1802.10123},
 journal = {arXiv},
 publisher = {arXiv},
 title = {Latent-space Physics: Towards Learning the Temporal Evolution of Fluid Flow},
 url = {https://arxiv.org/abs/1802.10123},
 year = {2018}
}

@article{GaoLi2019,
 author = {Riqiang Gao and Lingfeng Li and Yucheng Tang and Sanja L. Antic and Alexis B. Paulson and Yuankai Huo and Kim L. Sandler and Pierre P. Massion and Bennett A. Landman},
 doi = {10.48550/ARXIV.1911.05115},
 journal = {arXiv},
 publisher = {arXiv},
 title = {Deep Multi-task Prediction of Lung Cancer and Cancer-free Progression from Censored Heterogenous Clinical Imaging},
 url = {https://arxiv.org/abs/1911.05115},
 year = {2019}
}

@article{DavisChoromanski2020,
 author = {Jared Quincy Davis and Krzysztof Choromanski and Jake Varley and Honglak Lee and Jean-Jacques Slotine and Valerii Likhosterov and Adrian Weller and Ameesh Makadia and Vikas Sindhwani},
 doi = {10.48550/ARXIV.2005.01906},
 journal = {arXiv},
 publisher = {arXiv},
 title = {Time Dependence in Non-Autonomous Neural ODEs},
 url = {https://arxiv.org/abs/2005.01906},
 year = {2020}
}

@article{GwakSim2020,
 author = {Daehoon Gwak and Gyuhyeon Sim and Michael Poli and Stefano Massaroli and Jaegul Choo and Edward Choi},
 doi = {10.48550/ARXIV.2010.08304},
 journal = {arXiv},
 publisher = {arXiv},
 title = {Neural Ordinary Differential Equations for Intervention Modeling},
 url = {https://arxiv.org/abs/2010.08304},
 year = {2020}
}

@article{SinglaEslami2021,
 author = {Sumedha Singla and Motahhare Eslami and Brian Pollack and Stephen Wallace and Kayhan Batmanghelich},
 doi = {10.48550/ARXIV.2101.04230},
 journal = {arXiv},
 publisher = {arXiv},
 title = {Explaining the Black-box Smoothly- A Counterfactual Approach},
 url = {https://arxiv.org/abs/2101.04230},
 year = {2021}
}

@article{MonteiroRibeiro2023,
 author = {Miguel Monteiro and Fabio De Sousa Ribeiro and Nick Pawlowski and Daniel C. Castro and Ben Glocker},
 doi = {10.48550/ARXIV.2303.01274},
 journal = {arXiv},
 publisher = {arXiv},
 title = {Measuring axiomatic soundness of counterfactual image models},
 url = {https://arxiv.org/abs/2303.01274},
 year = {2023}
}

@article{RivailVogl2023,
 author = {Antoine Rivail and Wolf-Dieter Vogl and Sophie Riedl and Christoph Grechenig and Leonard M. Coulibaly and Gregor S. Reiter and Robyn H. Guymer and Zhichao Wu and Ursula Schmidt-Erfurth and Hrvoje Bogunović},
 doi = {10.1364/boe.487206},
 issue = {6},
 journal = {Biomedical Optics Express},
 month = {5},
 page = {2449},
 publisher = {Optica Publishing Group},
 title = {Deep survival modeling of longitudinal retinal OCT volumes for predicting the onset of atrophy in patients with intermediate AMD},
 url = {http://dx.doi.org/10.1364/boe.487206},
 volume = {14},
 year = {2023}
}

@article{ShahinZhao2023,
 author = {Ahmed H. Shahin and An Zhao and Alexander C. Whitehead and Daniel C. Alexander and Joseph Jacob and David Barber},
 doi = {10.48550/ARXIV.2309.03851},
 journal = {arXiv},
 publisher = {arXiv},
 title = {CenTime: Event-Conditional Modelling of Censoring in Survival Analysis},
 url = {https://arxiv.org/abs/2309.03851},
 year = {2023}
}

@article{AbushaqraXue2022,
 author = {Futoon M. Abushaqra and Hao Xue and Yongli Ren and Flora D. Salim},
 doi = {10.48550/ARXIV.2212.03560},
 journal = {arXiv},
 publisher = {arXiv},
 title = {SeqLink: A Robust Neural-ODE Architecture for Modelling Partially Observed Time Series},
 url = {https://arxiv.org/abs/2212.03560},
 year = {2022}
}

@article{KomanduriWu2023,
 author = {Aneesh Komanduri and Xintao Wu and Yongkai Wu and Feng Chen},
 doi = {10.48550/ARXIV.2310.11011},
 journal = {arXiv},
 publisher = {arXiv},
 title = {From Identifiable Causal Representations to Controllable Counterfactual Generation: A Survey on Causal Generative Modeling},
 url = {https://arxiv.org/abs/2310.11011},
 year = {2023}
}

@article{JorgHalfmann2023,
 author = {Tobias Jorg and Moritz C. Halfmann and Gordon Arnhold and Daniel Pinto dos Santos and Roman Kloeckner and Christoph Düber and Peter Mildenberger and Florian Jungmann and Lukas Müller},
 doi = {10.1186/s13244-023-01408-7},
 issue = {1},
 journal = {Insights into Imaging},
 month = {4},
 publisher = {Springer Science and Business Media LLC},
 title = {Implementation of structured reporting in clinical routine: a review of 7 years of institutional experience},
 url = {http://dx.doi.org/10.1186/s13244-023-01408-7},
 volume = {14},
 year = {2023}
}

@article{GuoDeng2024,
 author = {Grace Guo and Lifu Deng and Animesh Tandon and Alex Endert and Bum Chul Kwon},
 doi = {10.1145/3630106.3659011},
 journal = {The 2024 ACM Conference on Fairness, Accountability, and Transparency},
 month = {6},
 page = {1861-1874},
 publisher = {ACM},
 title = {MiMICRI: Towards Domain-centered Counterfactual Explanations of Cardiovascular Image Classification Models},
 url = {http://dx.doi.org/10.1145/3630106.3659011},
 year = {2024}
}

@article{BergHasenclever2018,
 author = {Rianne van den Berg and Leonard Hasenclever and Jakub M. Tomczak and Max Welling},
 doi = {10.48550/ARXIV.1803.05649},
 journal = {arXiv},
 publisher = {arXiv},
 title = {Sylvester Normalizing Flows for Variational Inference},
 url = {https://arxiv.org/abs/1803.05649},
 year = {2018}
}

@article{CuchieroLarsson2019,
 author = {Christa Cuchiero and Martin Larsson and Josef Teichmann},
 doi = {10.48550/ARXIV.1908.07838},
 journal = {arXiv},
 publisher = {arXiv},
 title = {Deep neural networks, generic universal interpolation, and controlled ODEs},
 url = {https://arxiv.org/abs/1908.07838},
 year = {2019}
}

